%I used https://www.overleaf.com/learn/latex/Tutorials as a general reference for LaTeX syntax.
% \url syntax from https://tex.stackexchange.com/questions/171441/url-not-showing-in-references/171453
% \note syntax from https://tex.stackexchange.com/questions/211352/why-are-urls-not-appearing-in-references-with-bibtex#:~:text=2%20Answers&text=The%20standard%20BibTeX%20styles%20do,a%20style%20which%20supports%20them.&text=For%20example%2C%20%5Cbibliographystyle%7Bplainurl,fields%20like%20webpage%20%2C%20url%20etc.
\usepackage{url}

@article{karthikeyan,
author = {Karthikeyan, M. and Myakala, C. R. and Chappidi, S. C.},
title = {Heart Attack Prediction Using XGBoost},
url = {http://sersc.org/journals/index.php/IJAST/article/view/13543},
urldate = {2021-04-24},
journal = {International Journal of Advanced Science and Technology},
volume = {29},
number = {6},
pages = {2392--2399},
year = {2020},
note = {Retrieved from \url{http://sersc.org/journals/index.php/IJAST/article/view/13543}}
}

@article{chitra,
author = "Chitra, R. and Seenivasagam, V.",
title = "Review of Heart Disease Prediction System using Data Mining and Hybrid Intelligent Techniques",
url = "https://core.ac.uk/download/pdf/25558318.pdf",
journal = "ICTACT Journal On Soft Computing",
volume = "3",
number = "4",
pages = "605--609",
year = "2013",
note = {Retrieved from \url{https://core.ac.uk/download/pdf/25558318.pdf}}
}

@article{ranga,
author = "Ranga, V. and Rohila, D.",
title = "Parametric Analysis of Heart Attack Prediction Using Machine Learning Techniques",
url = "http://article.nadiapub.com/IJGDC/vol11_no4/4.pdf",
journal = "International Journal of Grid and Distributed Computing",
volume = "11",
number = "4",
pages = "37--48",
year = "2018",
note = {Retrieved from \url{http://article.nadiapub.com/IJGDC/vol11_no4/4.pdf}}
}

@article{ware,
author = "Ware, S. and Rakesh, S. K. and Choudhary, B.",
url = "https://www.ijrte.org/wp-content/uploads/papers/v8i5/D9439118419.pdf",
title = "Heart Attack Prediction by using Machine Learning Techniques",
journal = "International Journal of Recent Technology and Engineering",
volume = "8",
number = "5",
pages = "1577--1580",
year = 2020,
note = {Retrieved from \url{https://www.ijrte.org/wp-content/uploads/papers/v8i5/D9439118419.pdf}}
}

@article{gawale,
author = "Gawale, R. and Gawande, R. M.",
title = "A Machine Learning Approach to Heart Attack Prediction",
url = "http://ijariie.com/AdminUploadPdf/A_Machine_Learning_Approach_to_Heart_Attack__Prediction_ijariie12277_converted.pdf",
journal = "International Journal of Advance Research and Innovative Ideas in Education",
volume = "6",
number = "4",
year = "2020",
note = {Retrieved from \url{https://www.ijeat.org/wp-content/uploads/papers/v8i4/D6354048419.pdf}}
}

@book{russel,
    author = "Russel, S. J. and Norvig, P.",
    title = "Artificial intelligence: A modern approach",
    year = "2020",
    publisher = "Pearson"
}

@misc{naive,
author = "Jurafsky, J. and Martin, J. H.",
title = "Speech and Language Processing",
year = "2020",
url = "https://web.stanford.edu/~jurafsky/slp3/4.pdf",
urldate = "2021-04-24",
note = {\url{https://web.stanford.edu/~jurafsky/slp3/4.pdf}}
}